4100 6276
518 629 793 800 lhhlltlll
838 631 1072 800 Slhlls
1118 630 1416 800 lllhhbt
1490 883 1506 910 ο

824 973 1114 1039 concederetis

279 1249 641 1396 TABULAS
694 1251 1103 1382 DUODECIM
1150 1248 1645 1378 GENERALES.

941 1599 979 1614 “

184 1819 292 1884 Series
309 1817 378 1880 boc
389 1813 528 1880 secunda
542 1813 709 1877 duodecim
722 1813 920 1893 generalibus
934 1813 1017 1876 circa
1039 1829 1137 1894 opera
1157 1817 1187 1876 et
1200 1813 1352 1892 opuscula
1373 1813 1558 1895 Patrologiae
1574 1817 1676 1882 latinae
1698 1839 1776 1884 coo-

141 1918 240 1985 stabit
261 1912 433 1980 lodicibus.
462 1911 572 1974 Omnia
593 1909 645 1974 hic
672 1927 769 1991 opera
794 1911 906 1974 ordine
931 1916 997 1972 tum
1024 1911 1285 1972 ALPHABETlCO
1317 1917 1346 1972 et
1381 1911 1688 1990 CHRONOLOGlCO,
1713 1923 1777 1980 turn

140 2013 357 2082 SYNOP'llCO
380 2017 412 2076 et
432 2009 643 2072 stacoulce
664 2008 801 2072 vicissim
820 2007 1013 2070 evolvantur.
1038 2007 1195 2088 Deinceps
1218 2005 1438 2069 exhibebimus
1454 2009 1558 2072 omnia
1574 2011 1688 2090 scripta
1703 2013 1778 2076 cleri

140 2120 208 2177 tam
228 2108 379 2189 regillaris
395 2123 490 2188 quam
503 2104 671 2177 saecularis,
697 2121 821 2168 necnon
836 2109 1000 2166 auctorum
1014 2101 1177 2174 laicorum,
1190 2101 1281 2168 simul
1297 2119 1333 2166 ac
1347 2103 1463 2184 scripta
1483 2121 1655 2184 anonyma,
1671 2107 1776 2184 dubia,

142 2205 330 2292 apocrypha
344 2201 393 2266 rel
417 2200 629 2284 supposititia.
645 2201 796 2264 Preterea
808 2199 887 2263 duos
902 2199 1044 2261 dabimus
1059 2197 1322 2280 bibliograpbicos
1343 2199 1474 2275 indices,
1491 2201 1605 2281 quibus
1622 2204 1777 2267 recentio-

19 2377 20 2380 ,
142 2321 214 2368 rum
228 2319 326 2383 opera
338 2299 380 2362 de
394 2297 601 2378 scriptoribus
610 2295 840 2370 ecclesiasticis,
855 2295 974 2359 scilicet
984 2295 1211 2369 commentarii,
1224 2295 1354 2368 notitiae,
1367 2297 1567 2376 prefationes
1578 2305 1609 2360 et
1623 2300 1778 2364 editiones

142 2400 239 2466 rariae
257 2399 472 2460 innotescent.
496 2392 648 2466 Tandem,
665 2393 748 2455 velut
767 2393 864 2473 gigas,
888 2391 1039 2454 eminebit
1062 2391 1162 2454 index
1188 2393 1342 2470 generalis
1364 2395 1500 2456 llllllllbl
1516 2393 1698 2474 analyticus,
1714 2415 1778 2477 quo

143 2497 305 2570 consulto,
321 2492 476 2574 quidquid
500 2507 564 2554 non
580 2489 681 2552 solum
700 2491 771 2552 talis
789 2489 896 2553 talisve
912 2491 1014 2564 Pater,
1028 2505 1136 2551 rerum
1156 2489 1250 2550 etiam
1270 2491 1488 2570 unusquisque
1503 2493 1642 2565 Petrum,
1658 2493 1777 2571 absquo

142 2593 210 2655 ulla
236 2591 439 2672 exceptione,
461 2589 494 2650 in
513 2586 674 2667 quodlibet
695 2585 798 2648 thema
823 2586 996 2666 scripserit,
1021 2603 1088 2649 uno
1111 2585 1227 2648 iutuitu
1254 2587 1482 2667 conspicietur.
1506 2588 1662 2660 Postbaec.
1695 2590 1779 2654 velut

145 2689 243 2770 hujus
256 2687 347 2750 seriei
363 2685 502 2758 coronis,
514 2683 735 2744 CONCORDIAE
748 2683 830 2745 inter
844 2683 936 2745 binos
950 2690 981 2744 et
999 2681 1173 2762 Theoloqioe
1188 2692 1218 2743 et
1232 2681 1422 2762 Pctrolopioe
1436 2684 1554 2746 Cursus
1569 2685 1779 2764 subsequetur

152 2785 263 2857 index,
276 2785 309 2844 in
323 2799 385 2864 quo
400 2781 524 2846 scilicet
541 2779 624 2840 varia
647 2785 829 2856 argumenta
845 2777 884 2840 de
904 2777 1019 2857 quibus
1045 2779 1109 2858 agit
1125 2777 1301 2855 theologia,
1317 2778 1441 2860 scriptis
1452 2779 1501 2841 rel
1524 2779 1603 2844 locis
1626 2779 1778 2845 illustrio-

155 2877 245 2941 ribus
253 2879 372 2940 Petrum
387 2877 601 2949 corroborata,
626 2873 728 2952 logico
751 2873 969 2936 exhibebimus
991 2875 1114 2952 ordine,
1131 2875 1296 2956 utriusque
1312 2879 1427 2940 Cursus
1441 2885 1561 2940 tomum
1583 2885 1613 2940 et
1632 2879 1779 2959 paginam

155 2972 346 3046 indicantcs;
359 2974 435 3036 adeo
458 2980 493 3036 ut
521 2971 667 3034 alumnus
687 2970 735 3032 rel
756 2971 914 3050 magister,
930 2970 970 3032 ad
990 2989 1222 3052 quamcumque
1244 2971 1359 3035 thesim
1387 2973 1571 3047 terendam,
1596 2973 1779 3054 adjumento

151 3071 270 3134 habeat
291 3085 355 3132 non
376 3075 493 3133 uotum
516 3068 714 3148 theologicos
741 3069 796 3130 sed
826 3073 856 3130 et
879 3067 1057 3148 patristicos
1074 3075 1235 3142 auctores,
1262 3068 1372 3142 idest,
1394 3070 1603 3132 universalem
1630 3071 1778 3133 Ecclesia

146 3165 319 3234 catholicae
333 3166 533 3240 traditionem,
552 3165 668 3228 nulloa
682 3181 716 3227 se
727 3165 834 3228 labore
847 3164 1004 3243 impenso,
1022 3163 1075 3226 sed
1090 3163 1195 3226 alieno
1211 3165 1361 3241 gaudens.
1583 3163 1589 3169 '

185 3277 333 3342 Forsitan
350 3276 437 3342 ethic
450 3279 589 3360 stupebit
603 3257 715 3354 lector,
730 3281 815 3358 quod
837 3279 960 3341 lodices
974 3275 1055 3338 circa
1069 3276 1292 3356 quodcumque
1307 3293 1408 3354 genus
1428 3277 1477 3342 rel
1496 3295 1629 3359 operum
1648 3280 1695 3341 vel
1719 3297 1776 3342 au·

142 3385 272 3441 ctorum
289 3375 440 3456 speciales
453 3395 517 3440 non
532 3377 761 3450 addiderimus;
778 3375 832 3438 sed
854 3393 918 3438 non
934 3394 1018 3456 aegre
1033 3376 1123 3451 ierat,
1140 3394 1200 3440 occ
1218 3377 1302 3438 enim
1321 3375 1394 3440 ideo
1411 3377 1571 3440 deficient.
1586 3378 1778 3442 Prooemium

143 3475 207 3538 boc
221 3473 367 3536 Indicum
382 3491 421 3536 ne
437 3473 561 3554 longius
584 3473 830 3554 protraheretur,
847 3473 918 3535 illos
933 3471 983 3536 hio
1009 3489 1074 3536 non
1096 3489 1271 3554 apponere,
1300 3473 1356 3536 sed
1378 3474 1417 3534 ad
1444 3491 1537 3536 suum
1568 3473 1778 3556 respectivum

145 3570 307 3649 objectum
334 3569 466 3650 rejicere
490 3569 673 3634 statuimus:
698 3569 755 3643 sic,
773 3587 803 3632 v.
831 3587 898 3648 gc,
922 3569 1047 3634 Indices
1076 3568 1232 3649 speciales
1260 3569 1344 3632 eirea
1372 3589 1470 3650 opera
1494 3577 1525 3634 et
1555 3577 1700 3634 auctores
1721 3569 1779 3632 do·

148 3665 311 3742 gmaticos,
336 3671 448 3746 postea
468 3667 508 3729 ad
538 3666 766 3740 hodilard,
796 3666 877 3728 circa
906 3682 1004 3746 opera
1030 3673 1062 3730 et
1087 3674 1233 3729 auctores
1257 3665 1437 3744 historicos,
1466 3667 1505 3730 ad
1534 3665 1780 3731 HISTORIAM

150 3759 362 3839 reperientur,
382 3769 414 3824 et
432 3761 479 3827 sio
503 3762 543 3826 de
569 3761 650 3828 aliis.
673 3765 728 3827 llis
752 3761 854 3838 dictis,
879 3766 957 3839 rale,
983 3765 1095 3827 Lector
1117 3761 1284 3839 benevole,
1301 3770 1331 3827 et
1349 3763 1415 3844 jam
1442 3764 1557 3828 nostris
1579 3781 1642 3827 non
1669 3761 1779 3842 paucis

148 3856 255 3920 liuere
279 3859 452 3924 laboribus.
